\Bibliography
@Book{Furman_R_1,
 author    = "R. Furman.",
 title     = " Practical tips for publishing scholarly articles: Writing and publishing in the helping professions",
 publisher = "Lyceum Books,
 year      =  2007,
 address   = "Chicago, Illinois"
}

@Book{SSDUML,
 author    = "Jan Jürjens",
 title     = "Secure Systems Development with UML",
 publisher = "Springer",
 year      =  2004,
 address   = "Dep. of Informatics,
 Software and Systems Engineering,
 Technische Universität München,
 Boltzmannstr. 3,
 85748 München/Garching",
 edition   = "1st",
}

@Book{OMGSuper,
 author    = "Object Management Group",
 title     = "OMG Unified Modeling Language TM (OMG UML),
Superstructure",
 publisher = "Object Management Group (OMG),
 year      =  2009,
 address   = "140 Kendrick Street, Needham, MA 02494, U.S.A",
 edition   = "Version 2.2",
}

@article{UsingUMLsec,
 title={Using UMLsec and Goal Trees for Secure Systems Development},
 author={Jan Jürjens},
 year={2002}
}

@article{CoSMoIntroduction,
 title={CoSMo: An Approach Towards Conceptual Security Modeling},
 author={Christine Artelsmair, Wolfgang Essmayr, Peter Lang, Roland Wagner, Edgar Weippl},
 year={2002}
}

@article{UMLsecExtending,
 title={UMLsec: Extending UML for Secure Systems Development},
 author={Jan Jürjens},
 year={2002}
}

@article{CCIntroduction,
 title={Introduction and general model},
 author={Common Criteria Org},
 year={2012}
}

@article{SREPMap,
 title={Metodología de Análisis y Gestión de Riesgos de los Sistemas de Información (MAGERIT - v 2)},
 author={MAP},
 year={2005}
}

@article{SREPMellado2,
 title={A common criteria based security requirements engineering process for the development of secure information systems},
 author={Daniel Mellado, Eduardo Fernandez-Medina, Mario Piattini},
 year={2007}
}

@article{SREPMellado,
 title={Applying a Security Requirements Engineering Process},
 author={Daniel Mellado, Eduardo Fernandez-Medina, Mario Piattini},
 year={2006}
}

@article{CbyCComercialSystem,
 title={Correctness By Construction: BetterCan Also Be Cheaper},
 author={Anthony Hall, Roderick Chapman},
 year={2002},
 month={Febrero}
}

@article{CbyCBrito,
 title={Metodologías para desarrollar software seguro},
 author={Carlos Joaquín Brito Abundis},
 year={2013},
 month={Diciembre}
}

@article{SDLImplementacionSimplificada,
 title={Implementación simplificada del proceso SDL de Microsoft},
 author={Microsoft},
 year={2010},
 month={Febrero}
}
@article{SDLWhitePaper,
 title={Microsoft Security Development Adoption: Why and How},
 author={Microsoft},
 editor = {Edison},
 year={2013},
 month={Septiembre}
}
@article{SDLSecurityDevelopmentLifecicle,
 title={Microsoft Security Development Lifecicle},
 author={Michael Howard, Steve Lipner},
 year={2015},
 month={Junio}
}

@article{webAplicationSecurity,
 title={Web Application Security},
 author={Nuno Teodoro, Carlos Serrao},
 year={2011},
 month={Enero}
}

@article{BenchmarkingSDLCLAPS,
 title={Benchmarking SDL and CLASP lifecycle},
 author={Ikram El rhaffari, Ounsa Roudies},
 year={2014},
 month={Mayo}
}

@article{BSIMM_a,
 title={Building Security In Maturity Model BSIMM-V},
 author={ary McGraw, Ph.D Sammy Migues and Jacob West},
 year={2013},
 month={Octubre}
}

@article{BSIMM_b,
 title={Building Security In Maturity Model BSIMM-VI},
 author={ary McGraw, Ph.D Sammy Migues and Jacob West},
 year={2013},
 month={Octubre}
}


@article{AAViewCLAPS,
 title={CLASP Activity-Assessment View},
 author={OWASP},
 year={2006},
 month={Marzo}
}

@article{EDN_1,
 title={Estrategia {D}igital {N}acional},
 author={Gobierno de los Estados Unidos Mexicanos},
 year={2013},
 month={Noviembre}
}

@article{RMT_1,
 title={Reforma en {M}ateria de {T}elecomunicaciones},
 author={Gobierno de los Estados Unidos Mexicanos},
 year={2014},
 month={Marzo}
} 

@article{LTAIP_1,
 title={Ley de Transparencia y Acceso a la Información Pública Gubernamental},
 author={Gobierno de los Estados Unidos Mexicanos},
 year={2015},
 month={Diciembre}
} 

@article{LFPDPPP_1,
 title={Ley Federal de Protección de Datos Personales en Posesión de los Particulares},
 author={Gobierno de los Estados Unidos Mexicanos},
 year={2010},
 month={Julio}
} 

@article{GCSI_1,
 title={Global {C}ybersecurity {I}ndex And {C}yberwellness {P}rofiles},
 author={ABI Research},
 year={2015},
 month={Abril}
} 

@article{GCA_1,
 title={I{T}{U} {G}lobal {C}ibersecurity {A}genda},
 author={Stein Schjolberg},
 year={2007},
 month={Mayo}
} 

@article{TSCALC_1,
 title={Tendencias de {S}eguridad {C}ibernética en {A}mérica {L}atina y el {C}aribe},
 author={OEA},
 year={2014},
 month={Junio}
} 

@article{WSIS_1,
 title={World {S}ummit on the {I}nformation {S}ociety},
 author={ONU},
 year={2002},
 month={Enero}
}

@misc{CLASPIntroduction,
  title = {{CLASP} Introduction},
  howpublished = {\url{https://www.owasp.org/index.php/CLASP}},
  note = {Fecha de acceso: 25-11-2015},
  title = {CLASP},
  author = {OWASP}
}

@misc{CLASPConcepts,
  title = {{CLASP} Concepts},
  howpublished = {\url{https://www.owasp.org/index.php/CLASP_Concepts}},
  note = {Fecha de acceso: 25-11-2015},
  title = {CLASP},
  author = {OWASP}
}

@misc{CLASPMonitorMetrics,
  title = {{CLASP} Concepts},
  howpublished = {\url{https://www.owasp.org/index.php/Monitor_security_metrics}},
  note = {Fecha de acceso: 29-11-2015},
  title = {CLASP},
  author = {OWASP}
}

@misc{SAMMIntroduction,
  title = {{SAMM} Introduction},
  howpublished = {\url{https://www.owasp.org/index.php/Category:Software_Assurance_Maturity_Model}},
  note = {Fecha de acceso: 30-11-2015},
  title = {SAMM},
  author = {OWASP}
}

@misc{OWASPIntroduction,
  title = {{OWASP} Introduction},
  howpublished = {\url{https://www.owasp.org/index.php/Category:OWASP_Project}},
  note = {Fecha de acceso: 30-11-2015},
  title = {OWASP},
  author = {OWASP}
}

@misc{CbyCIntroduction,
  title = {{CbyC} CbyC},
  howpublished = {\url{https://buildsecurityin.us-cert.gov/articles/knowledge/sdlc-process/correctness-by-construction}},
  note = {Fecha de acceso: 2-12-2015},
  title = {Correctness by Construction},
  author = {Peter Amey}
}

@misc{CbyCHighIntegritySystems,
  title = {{Praxis} High Integrity Systems},
  howpublished = {\url{http://web.archive.org/web/20081114100215/http://www.praxis-his.com/services/software/approach.asp}},
  note = {Fecha de acceso: 6-12-2015},
  title = {Praxis, High Integrity Systems, Correctness by Construction},
  author = {Praxis}
}

@misc{CbyCPraxis,
  title = {{Praxis} The Foremost International Specialist in Critical Systems Engineering},
  howpublished = {\url{http://www.praxis-his.com/}},
  note = {Fecha de acceso: 6-12-2015},
  title = {The Foremost International Specialist in Critical Systems Engineering},
  author = {Praxis}
}

@misc{CCStat,
  title = {{Common Criteria} Certified Products List - Statistics},
  howpublished = {\url{http://www.commoncriteriaportal.org/products/stats/}},
  note = {Fecha de acceso: 20-12-2015},
  title = {Statistics},
  author = {Common Criteria Org}
}

@misc{OMGAbout,
  title = {{OMG} About OMG},
  howpublished = {\url{http://www.omg.org/gettingstarted/gettingstartedindex.htm}},
  note = {Fecha de acceso: 2-1-2016},
  title = {About OMG},
  author = {Object Management Group}
}


@misc{BSIMM_c,
  title = {{BSIMM} BSIMM},
  howpublished = {\url{https://go.cigital.com/hubfs/Datasheets/building-secuirty-in-maturity-model-BSIMM-cigital.pdf}},
  note = {Fecha de acceso: 12-1-2016},
  title = {BSIMM},
  author = {BSIMM}
}

@misc{Interpol_1,
  title = {Cybercrime},
  howpublished = {\url{http://www.interpol.int/es/Crime-areas/Cybercrime/Cybercrime}},
  note = {Fecha de acceso: 3-3-2016},
  author = {Interpol}
}

@misc{Forbes_1,
  title = {Cibercrimen en {M}éxico},
  howpublished = {\url{http://www.forbes.com.mx/10-datos-sobre-cibercrimen-en-mexico-que-debes-conocer}},
  note = {Fecha de acceso: 3-3-2016},
  author = {Forbes}
}

@misc{OEM_1,
  title = {México se rezaga en materia de seguridad cibernética },
  howpublished = {\url{http://www.oem.com.mx/elsoldezacatecas/notas/n3827524.htm}},
  note = {Fecha de acceso: 3-3-2016},
  author = {OEM}
}

@misc{RCM_1,
  title = {Retos de {C}iberseguridad para {M}éxico},
  howpublished = {\url{http://the-ciu.net/nwsltr/381_1Distro.html}},
  note = {Fecha de acceso: 4-14-2016},
  author = {Daniel Kapellmann and Benjamín Reyes},
}

@misc{La_salle_1,
  title = {¿{Q}ué es el estado del arte?},
  howpublished = {\url{http://revistas.lasalle.edu.co/index.php/sv/article/view/1666}},
  note = {Fecha de acceso: 5-3-2016},
  author = {Piedad Molina}
}